<record><leader>00000cas a22000007a 4500</leader><controlfield tag="001">24470908</controlfield><controlfield tag="008">910930d19531955couwr ne      0    0eng d</controlfield><datafield ind1=" " ind2=" " tag="010"><subfield code="a">sn 91052648 </subfield></datafield><datafield ind1=" " ind2=" " tag="040"><subfield code="a">CNQ</subfield><subfield code="b">eng</subfield><subfield code="c">CNQ</subfield><subfield code="d">OCLCQ</subfield></datafield><datafield ind1=" " ind2=" " tag="042"><subfield code="a">msc</subfield></datafield><datafield ind1="0" ind2="0" tag="245"><subfield code="a">High plains farm journal and the Sterling farm journal.</subfield></datafield><datafield ind1=" " ind2=" " tag="260"><subfield code="a">Sterling, Colo. :</subfield><subfield code="b">High Plains Pub. Co.</subfield></datafield><datafield ind1=" " ind2=" " tag="300"><subfield code="a">v.</subfield></datafield><datafield ind1=" " ind2=" " tag="310"><subfield code="a">Weekly</subfield></datafield><datafield ind1="0" ind2=" " tag="362"><subfield code="a">Vol. 1, no. 1 (Dec. 23, 1953)-v. 48, no. 12 (Mar. 24, 1955).</subfield></datafield><datafield ind1=" " ind2=" " tag="530"><subfield code="a">Available on microfilm from the Colorado Historical Society.</subfield></datafield><datafield ind1=" " ind2=" " tag="752"><subfield code="a">United States</subfield><subfield code="b">Colorado</subfield><subfield code="c">Logan</subfield><subfield code="d">Sterling.</subfield></datafield><datafield ind1="0" ind2="0" tag="780"><subfield code="t">High plains journal and the Sterling farm journal</subfield><subfield code="w">(DLC)sn 90051804</subfield></datafield><datafield ind1="0" ind2="7" tag="785"><subfield code="t">Business farmer</subfield></datafield><datafield ind1="0" ind2="7" tag="785"><subfield code="t">Business farmer and the high plains farm journal</subfield><subfield code="w">(DLC)sn 90051800</subfield></datafield></record>